<?xml version="1.0" encoding="UTF-8"?><collection xmlns="http://www.loc.gov/MARC21/slim"><record><leader>00477nam--2200145-i-4500</leader><controlfield tag="001">000013869</controlfield><controlfield tag="002">20161230</controlfield><controlfield tag="005">20170304204450</controlfield><controlfield tag="008">060222s1000------------r-----000-0-eng-d</controlfield><datafield ind1=" " ind2=" " tag="100"><subfield code="a">Bulanje, J. D</subfield></datafield><datafield ind1=" " ind2=" " tag="245"><subfield code="a">Culegere de articole si comunicari. Traducere din: Trudi gheofiziceskovo instituta nr.20 (147(, izdatelstvo Akademii Nauk, SSSR, m, 1953</subfield></datafield><datafield ind1=" " ind2=" " tag="260"><subfield code="a">Bucuresti</subfield><subfield code="b">Academia R.S.R</subfield><subfield code="c">1953</subfield></datafield><datafield ind1=" " ind2=" " tag="300"><subfield code="a">109 p</subfield></datafield><datafield ind1=" " ind2=" " tag="852"><subfield code="a">550.34(04)=03.82=590</subfield></datafield><datafield ind1=" " ind2=" " tag="CAT"><subfield code="a">SYS</subfield><subfield code="c">20170304</subfield><subfield code="h">204450</subfield></datafield></record></collection>